@article{muller2004challenges,
  title={Challenges and solutions for the delivery of biotech drugs--a review of drug nanocrystal technology and lipid nanoparticles},
  author={Muller, Rainer H and Keck, Cornelia M},
  journal={Journal of biotechnology},
  volume={113},
  number={1},
  pages={151--170},
  year={2004},
  publisher={Elsevier}
}

@article{felfoul2016magneto,
  title={Magneto-aerotactic bacteria deliver drug-containing nanoliposomes to tumour hypoxic regions},
  author={Felfoul, Ouajdi and Mohammadi, Mahmood and Taherkhani, Samira and De Lanauze, Dominic and Xu, Yong Zhong and Loghin, Dumitru and Essa, Sherief and Jancik, Sylwia and Houle, Daniel and Lafleur, Michel and others},
  journal={Nature Nanotechnology},
  year={2016},
  publisher={Nature Research}
}

@article{van2007poly,
  title={Poly (ethylene glycol)-modified nanocarriers for tumor-targeted and intracellular delivery},
  author={van Vlerken, Lilian E and Vyas, Tushar K and Amiji, Mansoor M},
  journal={Pharmaceutical research},
  volume={24},
  number={8},
  pages={1405--1414},
  year={2007},
  publisher={Springer}
}

@article{galvin2012nanoparticle,
  title={Nanoparticle-based drug delivery: case studies for cancer and cardiovascular applications},
  author={Galvin, Paul and Thompson, Damien and Ryan, Katie B and McCarthy, Anna and Moore, Anne C and Burke, Conor S and Dyson, Maya and MacCraith, Brian D and Gunâ€™ko, Yurii K and Byrne, Michelle T and others},
  journal={Cellular and Molecular Life Sciences},
  volume={69},
  number={3},
  pages={389--404},
  year={2012},
  publisher={Springer}
}

@article{hauertnisms,
  title={Mechanisms of cooperation in cancer nanomedicine: towards systems nanotechnology},
  author={Hauert, Sabine and Bhatia, Sangeeta N},
  journal={Trends in biotechnology},
  volume={32},
  number={9},
  pages={448--455},
  year={2014},
  publisher={Elsevier}
}

@article{pfeifer2007self,
  title={Self-organization, embodiment, and biologically inspired robotics},
  author={Pfeifer, Rolf and Lungarella, Max and Iida, Fumiya},
  journal={science},
  volume={318},
  number={5853},
  pages={1088--1093},
  year={2007},
  publisher={American Association for the Advancement of Science}
}

@article{hinchey2007swarms,
  title={Swarms and swarm intelligence},
  author={Hinchey, Michael G and Sterritt, Roy and Rouff, Chris},
  journal={Computer},
  volume={40},
  number={4},
  year={2007},
  publisher={IEEE}
}

@article{katz2011inferring,
  title={Inferring the structure and dynamics of interactions in schooling fish},
  author={Katz, Yael and Tunstr{\o}m, Kolbj{\o}rn and Ioannou, Christos C and Huepe, Cristi{\'a}n and Couzin, Iain D},
  journal={Proceedings of the National Academy of Sciences},
  volume={108},
  number={46},
  pages={18720--18725},
  year={2011},
  publisher={National Acad Sciences}
}

@article{salkoff1983bees,
  title={Bees are swarming in the garden: a systematic synchronic study of productivity},
  author={Salkoff, Morris},
  journal={Language},
  pages={288--346},
  year={1983},
  publisher={JSTOR}
}

@article{marin1999food,
  title={Food, foraging, and timing of breeding of the Black Swift in California},
  author={Mar{\'\i}n, Manuel},
  journal={The Wilson Bulletin},
  pages={30--37},
  year={1999},
  publisher={JSTOR}
}

@article{beni2005swarm,
  title={From swarm intelligence to swarm robotics},
  author={Beni, Gerardo},
  journal={Swarm robotics},
  pages={1--9},
  year={2005},
  publisher={Springer}
}

@article{aldrich1968development,
  title={The development of flagella in swarm cells of the myxomycete Physarum flavicomum},
  author={Aldrich, HC},
  journal={Microbiology},
  volume={50},
  number={2},
  pages={217--222},
  year={1968},
  publisher={Microbiology Society}
}

@article{harshey1994bees,
  title={Bees aren't the only ones: swarming in Gram-negative bacteria},
  author={Harshey, Rasika M},
  journal={Molecular microbiology},
  volume={13},
  number={3},
  pages={389--394},
  year={1994},
  publisher={Wiley Online Library}
}

@article{jang2004role,
  title={Role of Brownian motion in the enhanced thermal conductivity of nanofluids},
  author={Jang, Seok Pil and Choi, Stephen US},
  journal={Applied physics letters},
  volume={84},
  number={21},
  pages={4316--4318},
  year={2004},
  publisher={AIP}
}
@article{hauertinsights,
  title={Insights from Swarm-Robotic Experiments on the Penetration of Targeted Nanoparticles into Tumors},
  author={Hauert, S and Rubenstein, M and Bagley, S Berman4 AF and Nagpal, R and Bhatia, SN}
}
@inproceedings{williams2006multi,
  title={Multi-robot boundary coverage with plan revision},
  author={Williams, Kjerstin and Burdick, Joel},
  booktitle={Robotics and Automation, 2006. ICRA 2006. Proceedings 2006 IEEE International Conference on},
  pages={1716--1723},
  year={2006},
  organization={IEEE}
}

@article{chowdhury2015controlling,
  title={Controlling multiple microrobots: recent progress and future challenges},
  author={Chowdhury, Sagar and Jing, Wuming and Cappelleri, David J},
  journal={Journal of Micro-Bio Robotics},
  volume={10},
  number={1-4},
  pages={1--11},
  year={2015},
  publisher={Springer}
}

@article{jain2008nanomedicine,
  title={Nanomedicine: application of nanobiotechnology in medical practice},
  author={Jain, Kewal K},
  journal={Medical principles and practice},
  volume={17},
  number={2},
  pages={89--101},
  year={2008},
  publisher={Karger Publishers}
}
@inproceedings{rubenstein2012kilobot,
  title={Kilobot: A low cost scalable robot system for collective behaviors},
  author={Rubenstein, Michael and Ahler, Christian and Nagpal, Radhika},
  booktitle={Robotics and Automation (ICRA), 2012 IEEE International Conference on},
  pages={3293--3298},
  year={2012},
  organization={IEEE}
}
@article{bae2011targeted,
  title={Targeted drug delivery to tumors: myths, reality and possibility},
  author={Bae, You Han and Park, Kinam},
  journal={Journal of Controlled Release},
  volume={153},
  number={3},
  pages={198},
  year={2011},
  publisher={NIH Public Access}
}

@article{aparnacpgs,
  title={CPGs Inspired Adaptive Locomotion Control for Hexapod Robot},
  author={Aparna, Kale and Geeta, Salunke and Kirtee, Kadam and Madhuri, Jagdale}
}

@article{pal2007size,
  title={Size-controlled synthesis of spherical TiO2 nanoparticles: morphology, crystallization, and phase transition},
  author={Pal, Mou and Garcia Serrano, J and Santiago, P and Pal, U},
  journal={Journal of Physical Chemistry C},
  volume={111},
  number={1},
  pages={96--102},
  year={2007},
  publisher={Washington, DC: American Chemical Society, c2007-}
}

@article{nagpal2006self,
  title={Self-organizing-shape and pattern: From cells to robots},
  author={Nagpal, Radhika},
  journal={IEEE Intelligent Systems},
  volume={21},
  number={2},
  pages={50--53},
  year={2006},
  publisher={IEEE COMPUTER SOC 10662 LOS VAQUEROS CIRCLE, PO BOX 3014, LOS ALAMITOS, CA 90720-1314 USA}
}

@article{ijspeert2008central,
  title={Central pattern generators for locomotion control in animals and robots: a review},
  author={Ijspeert, Auke Jan},
  journal={Neural networks},
  volume={21},
  number={4},
  pages={642--653},
  year={2008},
  publisher={Elsevier}
}

@inproceedings{Cheney2013UEE24633722463404,
 author = {Cheney, Nick and MacCurdy, Robert and Clune, Jeff and Lipson, Hod},
 title = {Unshackling Evolution: Evolving Soft Robots with Multiple Materials and a Powerful Generative Encoding},
 booktitle = {Proceedings of the 15th Annual Conference on Genetic and Evolutionary Computation},
 series = {GECCO '13},
 year = {2013},
 isbn = {978-1-4503-1963-8},
 location = {Amsterdam, The Netherlands},
 pages = {167--174},
 numpages = {8},
 url = {http://doi.acm.org/10.1145/2463372.2463404},
 doi = {10.1145/2463372.2463404},
 acmid = {2463404},
 publisher = {ACM},
 address = {New York, NY, USA},
 keywords = {cppn-neat, evolving morphologies, generative encodings, genetic algorithms, hyperneat, soft-robotics},
} 
@article{umedachi2013true,
  title={True-slime-mould-inspired hydrostatically coupled oscillator system exhibiting versatile behaviours},
  author={Umedachi, Takuya and Idei, Ryo and Ito, Kentaro and Ishiguro, Akio},
  journal={Bioinspiration \& biomimetics},
  volume={8},
  number={3},
  pages={035001},
  year={2013},
  publisher={IOP Publishing}
}
@article{singh2008nanotechnology,
  title={Nanotechnology in medicine and antibacterial effect of silver nanoparticles},
  author={Singh, Mritunjai and Singh, Shinjini and Prasad, S and Gambhir, IS},
  journal={Digest Journal of Nanomaterials and Biostructures},
  volume={3},
  number={3},
  pages={115--122},
  year={2008}
}
@article{mills1995medusae,
  title={Medusae, siphonophores, and ctenophores as planktivorous predators in changing global ecosystems},
  author={Mills, Claudia E},
  journal={ICES Journal of Marine Science: Journal du Conseil},
  volume={52},
  number={3-4},
  pages={575--581},
  year={1995},
  publisher={Oxford University Press}
}
@article{farokhzad2009impact,
  title={Impact of nanotechnology on drug delivery},
  author={Farokhzad, Omid C and Langer, Robert},
  journal={ACS nano},
  volume={3},
  number={1},
  pages={16--20},
  year={2009},
  publisher={ACS Publications}
}
@article{kim2015imparting,
  title={Imparting magnetic dipole heterogeneity to internalized iron oxide nanoparticles for microorganism swarm control},
  author={Kim, Paul Seung Soo and Becker, Aaron and Ou, Yan and Julius, Anak Agung and Kim, Min Jun},
  journal={Journal of Nanoparticle Research},
  volume={17},
  number={3},
  pages={144},
  year={2015},
  publisher={Springer}
}
@article{li2011mathematical,
  title={Mathematical modelling of nanoparticle biodistribution: extrapolation among intravenous, oral and pulmonary administration routes},
  author={Li, Mingguang and Reineke, Joshua},
  journal={International Journal of Nano and Biomaterials},
  volume={3},
  number={3},
  pages={222--238},
  year={2011},
  publisher={Inderscience Publishers Ltd}
}
@article{ishiguro2008fully,
  title={A fully decentralized morphology control of an amoeboid robot by exploiting the law of conservation of protoplasmic mass},
  author={Ishiguro, Akio and Umedachi, Takuya and Kitamura, Taichi and Nakagaki, Toshiyuki and Kobayashi, Ryo},
  journal={Proceedings of IROS: Self-Reconfigurable Robots, Systems, and Applications},
  year={2008}
}